
@article{hsee2004music,
	  title={Music, pandas, and muggers: on the affective psychology of value.},
	    author={Hsee, Christopher K and Rottenstreich, Yuval},
	      journal={Journal of Experimental Psychology: General},
	        volume={133},
		  number={1},
		    pages={23},
		      year={2004},
		        publisher={American Psychological Association}
}

@article{abdellaoui2010separating,
	  title={Separating curvature and elevation: A parametric probability weighting function},
	    author={Abdellaoui, Mohammed and l’Haridon, Olivier and Zank, Horst},
	      journal={Journal of Risk and Uncertainty},
	        volume={41},
		  number={1},
		    pages={39--65},
		      year={2010},
		        publisher={Springer}
}

@article{wu1996curvature,
	  title={Curvature of the probability weighting function},
	    author={Wu, George and Gonzalez, Richard},
	      journal={Management science},
	        volume={42},
		  number={12},
		    pages={1676--1690},
		      year={1996},
		        publisher={INFORMS}
}

@article{gonzalez1999shape,
	  title={On the shape of the probability weighting function},
	    author={Gonzalez, Richard and Wu, George},
	      journal={Cognitive psychology},
	        volume={38},
		  number={1},
		    pages={129--166},
		      year={1999},
		        publisher={Elsevier}
}

@article{rottenstreich2001money,
	  title={Money, kisses, and electric shocks: On the affective psychology of risk},
	    author={Rottenstreich, Yuval and Hsee, Christopher K},
	      journal={Psychological science},
	        volume={12},
		  number={3},
		    pages={185--190},
		      year={2001},
		        publisher={SAGE Publications Sage CA: Los Angeles, CA}
}

@article{tversky1992advances,
	  title={Advances in prospect theory: Cumulative representation of uncertainty},
	    author={Tversky, Amos and Kahneman, Daniel},
	      journal={Journal of Risk and uncertainty},
	        volume={5},
		  number={4},
		    pages={297--323},
		      year={1992},
		        publisher={Springer}
}

@incollection{kahneman2013prospect,
	  title={Prospect theory: An analysis of decision under risk},
	    author={Kahneman, Daniel and Tversky, Amos},
	      booktitle={Handbook of the fundamentals of financial decision making: Part I},
	        pages={99--127},
		  year={2013},
		    publisher={World Scientific}
}

@article{loewenstein2001risk,
	  title={Risk as feelings.},
	    author={Loewenstein, George F and Weber, Elke U and Hsee, Christopher K and Welch, Ned},
	      journal={Psychological bulletin},
	        volume={127},
		  number={2},
		    pages={267},
		      year={2001},
		        publisher={American Psychological Association}
}

@article{mukherjee2010dual,
	  title={A dual system model of preferences under risk.},
	    author={Mukherjee, Kanchan},
	      journal={Psychological review},
	        volume={117},
		  number={1},
		    pages={243},
		      year={2010},
		        publisher={American Psychological Association}
}

@article{mukherjee2011thinking,
	  title={Thinking styles and risky decision-making: Further exploration of the affect--probability weighting link},
	    author={Mukherjee, Kanchan},
	      journal={Journal of Behavioral Decision Making},
	        volume={24},
		  number={5},
		    pages={443--455},
		      year={2011},
		        publisher={Wiley Online Library}
}

% weird R references:

@Manual{rcore,
	    title = {R: A Language and Environment for Statistical Computing},
	        author = {{R Core Team}},
		    organization = {R Foundation for Statistical Computing},
		        address = {Vienna, Austria},
			    year = {2020},
			        url = {https://www.R-project.org/},
				  }


@Manual{rstudio,
	    title = {RStudio: Integrated Development Environment for R},
	        author = {{RStudio Team}},
		    organization = {RStudio, PBC},
		        address = {Boston, MA},
			    year = {2020},
			        url = {http://www.rstudio.com/},
				  }


@Article{brms,
	    title = {Advanced {Bayesian} Multilevel Modeling with the {R} Package {brms}},
	        author = {Paul-Christian Bürkner},
		    journal = {The R Journal},
		        year = {2018},
			    volume = {10},
			        number = {1},
				    pages = {395--411},
				        doi = {10.32614/RJ-2018-017},
					    encoding = {UTF-8},
					      }

@Article{tidyverse,
	    title = {Welcome to the {tidyverse}},
	        author = {Hadley Wickham and Mara Averick and Jennifer Bryan and Winston Chang and Lucy D'Agostino McGowan and Romain François and Garrett Grolemund and Alex Hayes and Lionel Henry and Jim Hester and Max Kuhn and Thomas Lin Pedersen and Evan Miller and Stephan Milton Bache and Kirill Müller and Jeroen Ooms and David Robinson and Dana Paige Seidel and Vitalie Spinu and Kohske Takahashi and Davis Vaughan and Claus Wilke and Kara Woo and Hiroaki Yutani},
		    year = {2019},
		        journal = {Journal of Open Source Software},
			    volume = {4},
			        number = {43},
				    pages = {1686},
				        doi = {10.21105/joss.01686},
					  }
